% Encoding: windows-1252

@ARTICLE{scrum,
  author = {Cohn M},
  title = {Succeeding With Agile-Software Development Using Scrum},
  journal = {Pearson Education: Boston},
  year = {2009},
  owner = {sab},
  timestamp = {2017.07.02}
}

@ARTICLE{BDI,
  author = {Wooldridge M},
  title = {An Introduction to Multi Agent Systems},
  journal = {Department of Computer Science, University of Liverpool, UK, John Wiley & Sons},
  year = {2002},
  volume = {0-471-4969 I-X},
  owner = {sab},
  timestamp = {2017.07.02}
}
