% Encoding: windows-1252


@online{DeveloperStackoverflow,
  author = {Stackoverflow},
  title = {Developer Survey Results},
  year = 2017,
  url = {https://stackoverflow.com/insights/survey/2017},
  urldate = {2017-03-29}
}

@article{rury346,
  title={Agile software development, the people factor},
  author={Cockburn, Alistair and Highsmith, Jim},
  journal={Computer},
  volume={34},
  number={11},
  pages={131--133},
  year={2001},
  publisher={IEEE}
}


@inproceedings{eden2003architecture,
  title={Architecture, design, implementation},
  author={Eden, Amnon H and Kazman, Rick},
  booktitle={proceedings of the 25th International Conference on Software Engineering},
  pages={149--159},
  year={2003},
  organization={IEEE Computer Society}
}


@online{1sejkfhs,
  author = {JSON},
  title = {Introducing JSON},
  url = {http://www.json.org/},
  urldate = {2017-03-29}
}

@online{4646eyyeye,
  author = {Babel},
  title = {Use next generation JavaScript today},
  url = {http://babeljs.io/},
  urldate = {2017-03-25}
}


@online{46rtrtet,
  author = {Dan Abramov},
  year={2015},
  title = {Thunk middleware for Redux},
  url = {https://github.com/gaearon/redux-thunk},
  urldate = {2017-03-22}
}

@online{5656ry,
  author = {Yassine Elouafi},
  year={2015},
  title = {Thunk middleware for Redux},
  url = {https://github.com/redux-saga/redux-saga/blob/master/LICENSE},
  urldate = {2017-03-13}
}


@online{4545etet,
  author = {Developers},
  year={2017},
  title = {Immersive experiences powered by the web},
  url = {https://developer.oculus.com/webvr/},
  urldate = {2017-03-13}
}

@online{4664rtyrtr67,
  author = {UDacity by Google},
  year={2017},
  title = { Firebase in a Weekend : Android},
  url = {https://www.udacity.com/course/firebase-in-a-weekend-by-google-android--ud0352},
  urldate = {2017-05-13}
}

@online{rtyeteey,
  author = {Online web application},
  year={2017},
  title = { Agile Test Methodology vs V Model},
  url = {http://onlinewebapplication.com/agile-test-methodology-model/},
  urldate = {2017-05-13}
}

@book{4646etyet,
  title={An introduction to multiagent systems},
  author={Wooldridge, Michael},
  year={2009},
  publisher={John Wiley \& Sons}
}

@book{cohn2010succeeding,
  title={Succeeding with agile: software development using Scrum},
  author={Cohn, Mike},
  year={2010},
  publisher={Pearson Education}
}



@online{tutyuty,
  author = {Ilya Katsov},
  year={2017},
  title = { NOSQL DATA MODELING TECHNIQUES},
  url = {https://highlyscalable.wordpress.com/2012/03/01/nosql-data-modeling-techniques/},
  urldate = {2017-07-13}
}


@online{ryryyrt346,
  author = {Redux, MIT},
  title = {Redux Documentation},
  url = { http://redux.js.org/},
  urldate = {2017-11-13}
}


@online{5657g6rrt,
  author = {Jose Aguinaga},
  title = {How it feels to learn JavaScript in 2016},
  url = {https://hackernoon.com/how-it-feels-to-learn-javascript-in-2016-d3a717dd577f},
  urldate = {2017-03-29}
}




